@BOOK{Bosch2004,
	AUTHOR = {Bosch, Siegfried},
	YEAR = {2004},
	TITLE = {Algebra - },
	EDITION = {5. überarb. Aufl.},
	ISBN = {978-3-540-40388-3},
	PUBLISHER = {Springer},
	ADDRESS = {Berlin, Heidelberg},
}

@BOOK{Lorenz2007,
	AUTHOR = {Lorenz, Falko AND Lemmermeyer, Franz},
	YEAR = {2007},
	TITLE = {Algebra 1 - Körper und Galoistheorie},
	EDITION = {4. Aufl. 2007},
	ISBN = {978-3-827-41609-4},
	PUBLISHER = {Spektrum Akademischer Verlag},
	ADDRESS = {Heidelberg},
}

@BOOK{Jantzen2014,
	AUTHOR = {Jantzen, Jens Carsten AND Schwermer, Joachim},
	YEAR = {2014},
	TITLE = {Algebra - },
	EDITION = {2. Aufl.},
	ISBN = {978-3-642-40533-4},
	PUBLISHER = {Springer-Verlag},
	ADDRESS = {Berlin Heidelberg New York},
}

@BOOK{Jacobson2012,
	AUTHOR = {Jacobson, Nathan},
	YEAR = {2012},
	TITLE = {Basic Algebra I - Second Edition},
	EDITION = {Second Edition},
	ISBN = {978-0-486-13522-9},
	PUBLISHER = {Courier Corporation},
	ADDRESS = {},
}